@inproceedings{3,
  title={Greedy layer-wise training of deep networks},
  author={Bengio, Yoshua and Lamblin, Pascal and Popovici, Dan and Larochelle, Hugo},
  booktitle={Advances in neural information processing systems},
  pages={153--160},
  year={2007}
}

@inproceedings{2,
  title={An introduction to deep learning},
  author={Lauzon, Francis Quintal},
  booktitle={2012 11th International Conference on Information Science, Signal Processing and their Applications (ISSPA)},
  pages={1438--1439},
  year={2012},
  organization={IEEE}
}

@article{1,
  title={Deep learning in neural networks: An overview},
  author={Schmidhuber, J{\"u}rgen},
  journal={Neural networks},
  volume={61},
  pages={85--117},
  year={2015},
  publisher={Elsevier}
}

@article{4,
  title={The vanishing gradient problem during learning recurrent neural nets and problem solutions},
  author={Hochreiter, Sepp},
  journal={International Journal of Uncertainty, Fuzziness and Knowledge-Based Systems},
  volume={6},
  number={02},
  pages={107--116},
  year={1998},
  publisher={World Scientific}
}

@article{lecun1998gradient,
  title={Gradient-based learning applied to document recognition},
  author={LeCun, Yann and Bottou, L{\'e}on and Bengio, Yoshua and Haffner, Patrick and others},
  journal={Proceedings of the IEEE},
  volume={86},
  number={11},
  pages={2278--2324},
  year={1998},
  publisher={Taipei, Taiwan}
}

@article{day2017survey,
  title={A survey on heterogeneous transfer learning},
  author={Day, Oscar and Khoshgoftaar, Taghi M},
  journal={Journal of Big Data},
  volume={4},
  number={1},
  pages={29},
  year={2017},
  publisher={Nature Publishing Group}
}

@book{olivas2009handbook,
  title={Handbook of Research on Machine Learning Applications and Trends: Algorithms, Methods, and Techniques: Algorithms, Methods, and Techniques},
  author={Olivas, Emilio Soria},
  year={2009},
  publisher={IGI Global}
}

@inproceedings{mikolajczyk2005local,
  title={Local features for object class recognition},
  author={Mikolajczyk, Krystian and Leibe, Bastian and Schiele, Bernt},
  booktitle={Tenth IEEE International Conference on Computer Vision (ICCV'05) Volume 1},
  volume={2},
  pages={1792--1799},
  year={2005},
  organization={IEEE}
}

@inproceedings{boughorbel2005generalized,
  title={Generalized histogram intersection kernel for image recognition},
  author={Boughorbel, Sabri and Tarel, J-P and Boujemaa, Nozha},
  booktitle={IEEE International Conference on Image Processing 2005},
  volume={3},
  pages={III--161},
  year={2005},
  organization={IEEE}
}

@inproceedings{vedaldi2009multiple,
  title={Multiple kernels for object detection},
  author={Vedaldi, Andrea and Gulshan, Varun and Varma, Manik and Zisserman, Andrew},
  booktitle={2009 IEEE 12th international conference on computer vision},
  pages={606--613},
  year={2009},
  organization={IEEE}
}

@inproceedings{fowers2012performance,
  title={A performance and energy comparison of FPGAs, GPUs, and multicores for sliding-window applications},
  author={Fowers, Jeremy and Brown, Greg and Cooke, Patrick and Stitt, Greg},
  booktitle={Proceedings of the ACM/SIGDA international symposium on Field Programmable Gate Arrays},
  pages={47--56},
  year={2012},
  organization={ACM}
}

@inproceedings{lampert2008beyond,
  title={Beyond sliding windows: Object localization by efficient subwindow search},
  author={Lampert, Christoph H and Blaschko, Matthew B and Hofmann, Thomas},
  booktitle={2008 IEEE conference on computer vision and pattern recognition},
  pages={1--8},
  year={2008},
  organization={IEEE}
}

@inproceedings{lempitsky2009image,
  title={Image segmentation with a bounding box prior.},
  author={Lempitsky, Victor S and Kohli, Pushmeet and Rother, Carsten and Sharp, Toby},
  booktitle={ICCV},
  volume={76},
  pages={124},
  year={2009},
  organization={Citeseer}
}

@misc{hillis2010bounding,
  title={Bounding box gesture recognition on a touch detecting interactive display},
  author={Hillis, W Daniel},
  year={2010},
  month=may # "~18",
  publisher={Google Patents},
  note={US Patent 7,719,523}
}

@inproceedings{ahmed2015optimizing,
  title={Optimizing expected intersection-over-union with candidate-constrained CRFs},
  author={Ahmed, Faruk and Tarlow, Dany and Batra, Dhruv},
  booktitle={Proceedings of the IEEE international conference on computer vision},
  pages={1850--1858},
  year={2015}
}

@inproceedings{YOLO,
  title={You only look once: Unified, real-time object detection},
  author={Redmon, Joseph and Divvala, Santosh and Girshick, Ross and Farhadi, Ali},
  booktitle={Proceedings of the IEEE conference on computer vision and pattern recognition},
  pages={779--788},
  year={2016}
}

@article{soviany2018optimizing,
  title={Optimizing the Trade-off Between Single-Stage and Two-Stage Object Detectors Using Image Difficulty Prediction},
  author={Soviany, Petru and Ionescu, Radu Tudor},
  journal={arXiv preprint arXiv:1803.08707},
  year={2018}
}

@inproceedings{he2017mask,
  title={Mask r-cnn},
  author={He, Kaiming and Gkioxari, Georgia and Doll{\'a}r, Piotr and Girshick, Ross},
  booktitle={Proceedings of the IEEE international conference on computer vision},
  pages={2961--2969},
  year={2017}
}

@misc{darknet13,
  author =   {Joseph Redmon},
  title =    {Darknet: Open Source Neural Networks in C},
  howpublished = {\url{http://pjreddie.com/darknet/}},
  year = {2013--2016}
}

@inproceedings{liu2016ssd,
  title={Ssd: Single shot multibox detector},
  author={Liu, Wei and Anguelov, Dragomir and Erhan, Dumitru and Szegedy, Christian and Reed, Scott and Fu, Cheng-Yang and Berg, Alexander C},
  booktitle={European conference on computer vision},
  pages={21--37},
  year={2016},
  organization={Springer}
}

@article{YOLO9000,
  title={YOLO9000: Better, Faster, Stronger},
  author={Redmon, Joseph and Farhadi, Ali},
  journal={arXiv preprint arXiv:1612.08242},
  year={2016}
}

@article{YOLOv3,
  title={Yolov3: An incremental improvement},
  author={Redmon, Joseph and Farhadi, Ali},
  journal={arXiv preprint arXiv:1804.02767},
  year={2018}
}